% From the Overleaf Citations reference page https://www.overleaf.com/learn/latex/Bibliography_management_with_biblatex


@misc{noauthor_qgis_nodate,
	title = {{QGIS}},
	url = {https://qgis.org/en/site/},
	urldate = {2024-06-16},
	file = {Welcome to the QGIS project!:/home/justo/Zotero/storage/TQ3K2PM9/site.html:text/html},
}

@misc{noauthor_earthexplorer_nodate,
	title = {{EarthExplorer}},
	url = {https://earthexplorer.usgs.gov/},
	urldate = {2024-06-16},
}

@misc{noauthor_landsat_2021,
	title = {Landsat 8 {\textbar} {Landsat} {Science}},
	url = {https://landsat.gsfc.nasa.gov/satellites/landsat-8/},
	abstract = {Landsat 8 launched on February 11, 2013, from Vandenberg Air Force Base, California, on an Atlas-V 401 rocket, with the extended payload fairing (EPF) from United Launch Alliance, LLC. (The Landsat 8 Launch in Quotes.) The Landsat 8 satellite payload consists of two science instruments—the Operational Land Imager (OLI) and the Thermal Infrared Sensor (TIRS).},
	language = {en-US},
	urldate = {2024-06-16},
	month = nov,
	year = {2021},
	file = {Snapshot:/home/justo/Zotero/storage/IVBNV9V4/landsat-8.html:text/html},
}

@misc{noauthor_landsat_nodate,
	title = {Landsat {Normalized} {Difference} {Vegetation} {Index} {\textbar} {U}.{S}. {Geological} {Survey}},
	url = {https://www.usgs.gov/landsat-missions/landsat-normalized-difference-vegetation-index},
	urldate = {2024-06-18},
	file = {Landsat Normalized Difference Vegetation Index | U.S. Geological Survey:/home/justo/Zotero/storage/IJ6D6TVA/landsat-normalized-difference-vegetation-index.html:text/html},
}

@misc{noauthor_ndwi_2021,
	title = {{NDWI}: {Fórmula} {Del} Índice {E} {Interpretación} {De} {Valores}},
	shorttitle = {{NDWI}},
	url = {https://eos.com/es/make-an-analysis/ndwi/},
	abstract = {El índice NDWI se utiliza para detectar masas de agua y estimar la turbiedad. Obtenga más información sobre el Índice de Agua de Diferencia Normalizada.},
	language = {es},
	urldate = {2024-06-18},
	month = sep,
	year = {2021},
	file = {Snapshot:/home/justo/Zotero/storage/H7QPC7BS/ndwi.html:text/html},
}

@article{zha_use_2003,
	title = {Use of normalized difference built-up index in automatically mapping urban areas from {TM} imagery},
	volume = {24},
	issn = {0143-1161, 1366-5901},
	url = {https://www.tandfonline.com/doi/full/10.1080/01431160304987},
	doi = {10.1080/01431160304987},
	language = {en},
	number = {3},
	urldate = {2024-06-19},
	journal = {International Journal of Remote Sensing},
	author = {Zha, Y. and Gao, J. and Ni, S.},
	month = jan,
	year = {2003},
	pages = {583--594},
}

@inproceedings{hongmei_zhao_use_2005,
	address = {Seoul, Korea},
	title = {Use of normalized difference bareness index in quickly mapping bare areas from {TM}/{ETM}+},
	volume = {3},
	isbn = {978-0-7803-9050-8},
	url = {http://ieeexplore.ieee.org/document/1526319/},
	doi = {10.1109/IGARSS.2005.1526319},
	urldate = {2024-06-19},
	booktitle = {Proceedings. 2005 {IEEE} {International} {Geoscience} and {Remote} {Sensing} {Symposium}, 2005. {IGARSS} '05.},
	publisher = {IEEE},
	author = {{Hongmei Zhao} and {Xiaoling Chen}},
	year = {2005},
	pages = {1666--1668},
}
